@article{satyanarayanan2015edge,
  title={Edge analytics in the internet of things},
  author={Satyanarayanan, Mahadev and Simoens, Pieter and Xiao, Yu and Pillai, Padmanabhan and Chen, Zhuo and Ha, Kiryong and Hu, Wenlu and Amos, Brandon},
  journal={IEEE Pervasive Computing},
  volume={14},
  number={2},
  pages={24--31},
  year={2015},
  publisher={IEEE}
}
