%examples

@inproceedings{Kok97,
author  = {Kok Seng Chong and L. Kleeman},
title   = {Accurate odometry and error modelling for a mobile robot },
booktitle ={IEEE International Conference on Robotics and Automation},
publisher={IEEE},
volume  = {},
number  = {},
pages   = {2783--2788},
year={1977}
}

@PhdThesis{GregoryPhd,
  author =       {Gregory Kealoha Fricke},
  title =        {Localization, Tracking, and Odometry Calibration of a Multi-Agent Swarm System},
  school =       {Department of Mechanical Engineering and Materials Science, Duke University},
  year =          2009,
  address =      {Durham, North Carolina},
  lang =         "en",
}

@MastersThesis{metamori2004,
  author =       {Ashwin Raju Jeyakumar},
  title =        {Metamori: A library for Incremental File Checkpointing},
  school =       {Virgina Tech},
  year =         2004,
  month =        jun # "~21",
  address =      {Blacksburg},
}
